% A
@ARTICLE{astropy,
       author = {{Astropy Collaboration} and {Price-Whelan}, A.~M. and
         {Sip{\H{o}}cz}, B.~M. and {G{\"u}nther}, H.~M. and {Lim}, P.~L. and
         {Crawford}, S.~M. and {Conseil}, S. and {Shupe}, D.~L. and
         {Craig}, M.~W. and {Dencheva}, N. and {Ginsburg}, A. and {Vand
        erPlas}, J.~T. and {Bradley}, L.~D. and {P{\'e}rez-Su{\'a}rez}, D. and
         {de Val-Borro}, M. and {Aldcroft}, T.~L. and {Cruz}, K.~L. and
         {Robitaille}, T.~P. and {Tollerud}, E.~J. and {Ardelean}, C. and
         {Babej}, T. and {Bach}, Y.~P. and {Bachetti}, M. and {Bakanov}, A.~V. and
         {Bamford}, S.~P. and {Barentsen}, G. and {Barmby}, P. and
         {Baumbach}, A. and {Berry}, K.~L. and {Biscani}, F. and {Boquien}, M. and
         {Bostroem}, K.~A. and {Bouma}, L.~G. and {Brammer}, G.~B. and
         {Bray}, E.~M. and {Breytenbach}, H. and {Buddelmeijer}, H. and
         {Burke}, D.~J. and {Calderone}, G. and {Cano Rodr{\'\i}guez}, J.~L. and
         {Cara}, M. and {Cardoso}, J.~V.~M. and {Cheedella}, S. and {Copin}, Y. and
         {Corrales}, L. and {Crichton}, D. and {D'Avella}, D. and {Deil}, C. and
         {Depagne}, {\'E}. and {Dietrich}, J.~P. and {Donath}, A. and
         {Droettboom}, M. and {Earl}, N. and {Erben}, T. and {Fabbro}, S. and
         {Ferreira}, L.~A. and {Finethy}, T. and {Fox}, R.~T. and
         {Garrison}, L.~H. and {Gibbons}, S.~L.~J. and {Goldstein}, D.~A. and
         {Gommers}, R. and {Greco}, J.~P. and {Greenfield}, P. and
         {Groener}, A.~M. and {Grollier}, F. and {Hagen}, A. and {Hirst}, P. and
         {Homeier}, D. and {Horton}, A.~J. and {Hosseinzadeh}, G. and {Hu}, L. and
         {Hunkeler}, J.~S. and {Ivezi{\'c}}, {\v{Z}}. and {Jain}, A. and
         {Jenness}, T. and {Kanarek}, G. and {Kendrew}, S. and {Kern}, N.~S. and
         {Kerzendorf}, W.~E. and {Khvalko}, A. and {King}, J. and {Kirkby}, D. and
         {Kulkarni}, A.~M. and {Kumar}, A. and {Lee}, A. and {Lenz}, D. and
         {Littlefair}, S.~P. and {Ma}, Z. and {Macleod}, D.~M. and
         {Mastropietro}, M. and {McCully}, C. and {Montagnac}, S. and
         {Morris}, B.~M. and {Mueller}, M. and {Mumford}, S.~J. and {Muna}, D. and
         {Murphy}, N.~A. and {Nelson}, S. and {Nguyen}, G.~H. and
         {Ninan}, J.~P. and {N{\"o}the}, M. and {Ogaz}, S. and {Oh}, S. and
         {Parejko}, J.~K. and {Parley}, N. and {Pascual}, S. and {Patil}, R. and
         {Patil}, A.~A. and {Plunkett}, A.~L. and {Prochaska}, J.~X. and
         {Rastogi}, T. and {Reddy Janga}, V. and {Sabater}, J. and
         {Sakurikar}, P. and {Seifert}, M. and {Sherbert}, L.~E. and
         {Sherwood-Taylor}, H. and {Shih}, A.~Y. and {Sick}, J. and
         {Silbiger}, M.~T. and {Singanamalla}, S. and {Singer}, L.~P. and
         {Sladen}, P.~H. and {Sooley}, K.~A. and {Sornarajah}, S. and
         {Streicher}, O. and {Teuben}, P. and {Thomas}, S.~W. and
         {Tremblay}, G.~R. and {Turner}, J.~E.~H. and {Terr{\'o}n}, V. and
         {van Kerkwijk}, M.~H. and {de la Vega}, A. and {Watkins}, L.~L. and
         {Weaver}, B.~A. and {Whitmore}, J.~B. and {Woillez}, J. and
         {Zabalza}, V. and {Astropy Contributors}},
        title = "{The Astropy Project: Building an Open-science Project and Status of the v2.0 Core Package}",
      journal = {\aj},
     keywords = {methods: data analysis, methods: miscellaneous, methods: statistical, reference systems, Astrophysics - Instrumentation and Methods for Astrophysics},
         year = "2018",
        month = "Sep",
       volume = {156},
       number = {3},
          eid = {123},
        pages = {123},
          doi = {10.3847/1538-3881/aabc4f},
archivePrefix = {arXiv},
       eprint = {1801.02634},
 primaryClass = {astro-ph.IM},
       adsurl = {https://ui.adsabs.harvard.edu/abs/2018AJ....156..123A},
      adsnote = {Provided by the SAO/NASA Astrophysics Data System}
}

% B
@TECHREPORT{Borncamp2016,
       author = {{Borncamp}, D. and {Lim}, Pey Lian},
        title = "{Satellite Detection in Advanced Camera for Surveys/Wide Field Channel Images}",
      journal = {Instrument Science Report ACS 2016-01, 10 pages},
     keywords = {Hubble Space Telescope, Space Telescope Science Institute, STScI, HST},
    booktitle = {Instrument Science Report ACS 2016-01},
         year = "2016",
        month = "Jan",
        pages = {1},
       adsurl = {https://ui.adsabs.harvard.edu/abs/2016acs..rept....1B},
      adsnote = {Provided by the SAO/NASA Astrophysics Data System}
}

@ARTICLE{eazy,
       author = {{Brammer}, Gabriel B. and {van Dokkum}, Pieter G. and {Coppi}, Paolo},
        title = "{EAZY: A Fast, Public Photometric Redshift Code}",
      journal = {\apj},
     keywords = {cosmology: observations, galaxies: evolution, galaxies: formation, Astrophysics},
         year = "2008",
        month = "Oct",
       volume = {686},
       number = {2},
        pages = {1503-1513},
          doi = {10.1086/591786},
archivePrefix = {arXiv},
       eprint = {0807.1533},
 primaryClass = {astro-ph},
       adsurl = {https://ui.adsabs.harvard.edu/abs/2008ApJ...686.1503B},
      adsnote = {Provided by the SAO/NASA Astrophysics Data System}
}

@ARTICLE{Brammer2012,
       author = {{Brammer}, Gabriel B. and {van Dokkum}, Pieter G. and {Franx}, Marijn and
         {Fumagalli}, Mattia and {Patel}, Shannon and {Rix}, Hans-Walter and
         {Skelton}, Rosalind E. and {Kriek}, Mariska and {Nelson}, Erica and
         {Schmidt}, Kasper B. and {Bezanson}, Rachel and {da Cunha}, Elisabete and
         {Erb}, Dawn K. and {Fan}, Xiaohui and
         {F{\"o}rster Schreiber}, Natascha and {Illingworth}, Garth D. and
         {Labb{\'e}}, Ivo and {Leja}, Joel and {Lundgren}, Britt and
         {Magee}, Dan and {Marchesini}, Danilo and {McCarthy}, Patrick and
         {Momcheva}, Ivelina and {Muzzin}, Adam and {Quadri}, Ryan and
         {Steidel}, Charles C. and {Tal}, Tomer and {Wake}, David and
         {Whitaker}, Katherine E. and {Williams}, Anna},
        title = "{3D-HST: A Wide-field Grism Spectroscopic Survey with the Hubble Space Telescope}",
      journal = {\apjs},
     keywords = {galaxies: high-redshift, surveys, Astrophysics - Cosmology and Nongalactic Astrophysics},
         year = "2012",
        month = "Jun",
       volume = {200},
       number = {2},
          eid = {13},
        pages = {13},
          doi = {10.1088/0067-0049/200/2/13},
archivePrefix = {arXiv},
       eprint = {1204.2829},
 primaryClass = {astro-ph.CO},
       adsurl = {https://ui.adsabs.harvard.edu/abs/2012ApJS..200...13B},
      adsnote = {Provided by the SAO/NASA Astrophysics Data System}
}

@TECHREPORT{BrammerHe10830,
       author = {{Brammer}, G. and {Pirzkal}, N. and {McCullough}, P. and {MacKenty}, J.},
        title = "{Time-varying Excess Earth-glow Backgrounds in the WFC3/IR Channel}",
      journal = {Instrument Science Report WFC3 2014-03, 14 pages},
     keywords = {Hubble Space Telescope, Space Telescope Science Institute, STScI, HST},
    booktitle = {Space Telescope WFC Instrument Science Report},
         year = "2014",
        month = "Apr",
        pages = {3},
       adsurl = {https://ui.adsabs.harvard.edu/abs/2014wfc..rept....3B},
      adsnote = {Provided by the SAO/NASA Astrophysics Data System}
}

@TECHREPORT{BrammerReprocess,
       author = {{Brammer}, G.},
        title = "{Reprocessing WFC3/IR Exposures Affected by Time-Variable Backgrounds}",
      journal = {Instrument Science Report WFC3 2016-16, 12 pages},
     keywords = {Hubble Space Telescope, HST, Space Telescope Science Institute, STScI, WFC3, IR},
    booktitle = {Space Telescope WFC Instrument Science Report},
         year = "2016",
        month = "Nov",
        pages = {16-16},
       adsurl = {https://ui.adsabs.harvard.edu/abs/2016wfc..rept...16B},
      adsnote = {Provided by the SAO/NASA Astrophysics Data System}
}


% C 
@ARTICLE{Calzetti2000,
   author = {{Calzetti}, D. and {Armus}, L. and {Bohlin}, R.~C. and {Kinney}, A.~L. and 
	{Koornneef}, J. and {Storchi-Bergmann}, T.},
    title = "{The Dust Content and Opacity of Actively Star-forming Galaxies}",
  journal = {\apj},
   eprint = {astro-ph/9911459},
 keywords = {GALAXIES: STARBURST, INFRARED: GALAXIES, INFRARED: ISM: CONTINUUM, ISM: DUST, EXTINCTION},
     year = 2000,
    month = apr,
   volume = 533,
    pages = {682-695},
      doi = {10.1086/308692},
   adsurl = {http://adsabs.harvard.edu/abs/2000ApJ...533..682C},
  adsnote = {Provided by the SAO/NASA Astrophysics Data System}
}

@ARTICLE{Casertano2000,
   author = {{Casertano}, S. and {de Mello}, D. and {Dickinson}, M. and {Ferguson}, H.~C. and 
	{Fruchter}, A.~S. and {Gonzalez-Lopezlira}, R.~A. and {Heyer}, I. and 
	{Hook}, R.~N. and {Levay}, Z. and {Lucas}, R.~A. and {Mack}, J. and 
	{Makidon}, R.~B. and {Mutchler}, M. and {Smith}, T.~E. and {Stiavelli}, M. and 
	{Wiggs}, M.~S. and {Williams}, R.~E.},
    title = "{WFPC2 Observations of the Hubble Deep Field South}",
  journal = {\aj},
   eprint = {astro-ph/0010245},
 keywords = {Cosmology: Observations, Galaxies: Evolution, Galaxies: Statistics},
     year = 2000,
    month = dec,
   volume = 120,
    pages = {2747-2824},
      doi = {10.1086/316851},
   adsurl = {http://adsabs.harvard.edu/abs/2000AJ....120.2747C},
  adsnote = {Provided by the SAO/NASA Astrophysics Data System}
}

@ARTICLE{ConroyFSPS1,
   author = {{Conroy}, C. and {Gunn}, J.~E. and {White}, M.},
    title = "{The Propagation of Uncertainties in Stellar Population Synthesis Modeling. I. The Relevance of Uncertain Aspects of Stellar Evolution and the Initial Mass Function to the Derived Physical Properties of Galaxies}",
  journal = {\apj},
archivePrefix = "arXiv",
   eprint = {0809.4261},
 keywords = {galaxies: evolution, galaxies: stellar content, stars: evolution},
     year = 2009,
    month = jul,
   volume = 699,
    pages = {486-506},
      doi = {10.1088/0004-637X/699/1/486},
   adsurl = {http://esoads.eso.org/abs/2009ApJ...699..486C},
  adsnote = {Provided by the SAO/NASA Astrophysics Data System}
}

@ARTICLE{ConroyFSPS2,
   author = {{Conroy}, C. and {Gunn}, J.~E.},
    title = "{The Propagation of Uncertainties in Stellar Population Synthesis Modeling. III. Model Calibration, Comparison, and Evaluation}",
  journal = {\apj},
archivePrefix = "arXiv",
   eprint = {0911.3151},
 keywords = {galaxies: evolution, galaxies: stellar content, stars: evolution},
     year = 2010,
    month = apr,
   volume = 712,
    pages = {833-857},
      doi = {10.1088/0004-637X/712/2/833},
   adsurl = {http://esoads.eso.org/abs/2010ApJ...712..833C},
  adsnote = {Provided by the SAO/NASA Astrophysics Data System}
}

% D

% E 
@ARTICLE{Estrada2019,
   author = {{Estrada-Carpenter}, V. and {Papovich}, C. and {Momcheva}, I. and 
	{Brammer}, G. and {Long}, J. and {Quadri}, R.~F. and {Bridge}, J. and 
	{Dickinson}, M. and {Ferguson}, H. and {Finkelstein}, S. and 
	{Giavalisco}, M. and {Gosmeyer}, C.~M. and {Lotz}, J. and {Salmon}, B. and 
	{Skelton}, R.~E. and {Trump}, J.~R. and {Weiner}, B.},
    title = "{CLEAR. I. Ages and Metallicities of Quiescent Galaxies at 1.0{\nbsp}$\lt${\nbsp}z{\nbsp}$\lt${\nbsp}1.8 Derived from Deep Hubble Space Telescope Grism Data}",
  journal = {\apj},
archivePrefix = "arXiv",
   eprint = {1810.02824},
 keywords = {galaxies: evolution },
     year = 2019,
    month = jan,
   volume = 870,
      eid = {133},
    pages = {133},
      doi = {10.3847/1538-4357/aaf22e},
   adsurl = {http://adsabs.harvard.edu/abs/2019ApJ...870..133E},
  adsnote = {Provided by the SAO/NASA Astrophysics Data System}
}

% F

@ARTICLE{Ferreras19a,
       author = {{Ferreras}, Ignacio and {Pasquali}, Anna and {Pirzkal}, Nor and
         {Pharo}, John and {Malhotra}, Sangeeta and {Rhoads}, James and
         {Hathi}, Nimish and {Windhorst}, Rogier and {Cimatti}, Andrea and
         {Christensen}, Lise and {Finkelstein}, Steven L. and {Grogin}, Norman and
         {Joshi}, Bhavin and {Kim}, Keunho and {Koekemoer}, Anton and
         {O'Connell}, Robert and {{\"O}stlin}, G{\"o}ran and {Rothberg}, Barry and
         {Ryan}, Russell},
        title = "{FIGS: spectral fitting constraints on the star formation history of massive galaxies since the cosmic noon}",
      journal = {\mnras},
     keywords = {galaxies: evolution, galaxies: formation, galaxies: high-redshift, galaxies: stellar content, Astrophysics - Astrophysics of Galaxies},
         year = "2019",
        month = "Jun",
       volume = {486},
       number = {1},
        pages = {1358-1376},
          doi = {10.1093/mnras/stz849},
archivePrefix = {arXiv},
       eprint = {1805.03665},
 primaryClass = {astro-ph.GA},
       adsurl = {https://ui.adsabs.harvard.edu/abs/2019MNRAS.486.1358F},
      adsnote = {Provided by the SAO/NASA Astrophysics Data System}
}

@ARTICLE{Fitzpatrick1999,
   author = {{Fitzpatrick}, E.~L.},
    title = "{Correcting for the Effects of Interstellar Extinction}",
  journal = {\pasp},
   eprint = {astro-ph/9809387},
 keywords = {ISM: DUST, EXTINCTION},
     year = 1999,
    month = jan,
   volume = 111,
    pages = {63-75},
      doi = {10.1086/316293},
   adsurl = {http://cdsads.u-strasbg.fr/abs/1999PASP..111...63F},
  adsnote = {Provided by the SAO/NASA Astrophysics Data System}
}

@ARTICLE{emcee,
       author = {{Foreman-Mackey}, Daniel and {Hogg}, David W. and {Lang}, Dustin and
         {Goodman}, Jonathan},
        title = "{emcee: The MCMC Hammer}",
      journal = {\pasp},
     keywords = {Astrophysics - Instrumentation and Methods for Astrophysics, Physics - Computational Physics, Statistics - Computation},
         year = "2013",
        month = "Mar",
       volume = {125},
       number = {925},
        pages = {306},
          doi = {10.1086/670067},
archivePrefix = {arXiv},
       eprint = {1202.3665},
 primaryClass = {astro-ph.IM},
       adsurl = {https://ui.adsabs.harvard.edu/abs/2013PASP..125..306F},
      adsnote = {Provided by the SAO/NASA Astrophysics Data System}
}

% G
@ARTICLE{GAIADR2,
       author = {{Gaia Collaboration} and {Brown}, A.~G.~A. and {Vallenari}, A. and
         {Prusti}, T. and {de Bruijne}, J.~H.~J. and {Babusiaux}, C. and
         {Bailer-Jones}, C.~A.~L. and {Biermann}, M. and {Evans}, D.~W. and
         {Eyer}, L. and {Jansen}, F. and {Jordi}, C. and {Klioner}, S.~A. and
         {Lammers}, U. and {Lindegren}, L. and {Luri}, X. and {Mignard}, F. and
         {Panem}, C. and {Pourbaix}, D. and {Randich}, S. and {Sartoretti}, P. and
         {Siddiqui}, H.~I. and {Soubiran}, C. and {van Leeuwen}, F. and
         {Walton}, N.~A. and {Arenou}, F. and {Bastian}, U. and {Cropper}, M. and
         {Drimmel}, R. and {Katz}, D. and {Lattanzi}, M.~G. and {Bakker}, J. and
         {Cacciari}, C. and {Casta{\~n}eda}, J. and {Chaoul}, L. and
         {Cheek}, N. and {De Angeli}, F. and {Fabricius}, C. and {Guerra}, R. and
         {Holl}, B. and {Masana}, E. and {Messineo}, R. and {Mowlavi}, N. and
         {Nienartowicz}, K. and {Panuzzo}, P. and {Portell}, J. and
         {Riello}, M. and {Seabroke}, G.~M. and {Tanga}, P. and
         {Th{\'e}venin}, F. and {Gracia-Abril}, G. and {Comoretto}, G. and
         {Garcia-Reinaldos}, M. and {Teyssier}, D. and {Altmann}, M. and
         {Andrae}, R. and {Audard}, M. and {Bellas-Velidis}, I. and
         {Benson}, K. and {Berthier}, J. and {Blomme}, R. and {Burgess}, P. and
         {Busso}, G. and {Carry}, B. and {Cellino}, A. and {Clementini}, G. and
         {Clotet}, M. and {Creevey}, O. and {Davidson}, M. and {De Ridder}, J. and
         {Delchambre}, L. and {Dell'Oro}, A. and {Ducourant}, C. and
         {Fern{\'a}ndez-Hern{\'a}ndez}, J. and {Fouesneau}, M. and
         {Fr{\'e}mat}, Y. and {Galluccio}, L. and {Garc{\'\i}a-Torres}, M. and
         {Gonz{\'a}lez-N{\'u}{\~n}ez}, J. and {Gonz{\'a}lez-Vidal}, J.~J. and
         {Gosset}, E. and {Guy}, L.~P. and {Halbwachs}, J. -L. and
         {Hambly}, N.~C. and {Harrison}, D.~L. and {Hern{\'a}ndez}, J. and
         {Hestroffer}, D. and {Hodgkin}, S.~T. and {Hutton}, A. and
         {Jasniewicz}, G. and {Jean-Antoine-Piccolo}, A. and {Jordan}, S. and
         {Korn}, A.~J. and {Krone-Martins}, A. and {Lanzafame}, A.~C. and
         {Lebzelter}, T. and {L{\"o}ffler}, W. and {Manteiga}, M. and
         {Marrese}, P.~M. and {Mart{\'\i}n-Fleitas}, J.~M. and {Moitinho}, A. and
         {Mora}, A. and {Muinonen}, K. and {Osinde}, J. and {Pancino}, E. and
         {Pauwels}, T. and {Petit}, J. -M. and {Recio-Blanco}, A. and
         {Richards}, P.~J. and {Rimoldini}, L. and {Robin}, A.~C. and
         {Sarro}, L.~M. and {Siopis}, C. and {Smith}, M. and {Sozzetti}, A. and
         {S{\"u}veges}, M. and {Torra}, J. and {van Reeven}, W. and {Abbas}, U. and
         {Abreu Aramburu}, A. and {Accart}, S. and {Aerts}, C. and
         {Altavilla}, G. and {{\'A}lvarez}, M.~A. and {Alvarez}, R. and
         {Alves}, J. and {Anderson}, R.~I. and {Andrei}, A.~H. and
         {Anglada Varela}, E. and {Antiche}, E. and {Antoja}, T. and
         {Arcay}, B. and {Astraatmadja}, T.~L. and {Bach}, N. and
         {Baker}, S.~G. and {Balaguer-N{\'u}{\~n}ez}, L. and {Balm}, P. and
         {Barache}, C. and {Barata}, C. and {Barbato}, D. and {Barblan}, F. and
         {Barklem}, P.~S. and {Barrado}, D. and {Barros}, M. and
         {Barstow}, M.~A. and {Bartholom{\'e} Mu{\~n}oz}, S. and
         {Bassilana}, J. -L. and {Becciani}, U. and {Bellazzini}, M. and
         {Berihuete}, A. and {Bertone}, S. and {Bianchi}, L. and
         {Bienaym{\'e}}, O. and {Blanco-Cuaresma}, S. and {Boch}, T. and
         {Boeche}, C. and {Bombrun}, A. and {Borrachero}, R. and {Bossini}, D. and
         {Bouquillon}, S. and {Bourda}, G. and {Bragaglia}, A. and
         {Bramante}, L. and {Breddels}, M.~A. and {Bressan}, A. and
         {Brouillet}, N. and {Br{\"u}semeister}, T. and {Brugaletta}, E. and
         {Bucciarelli}, B. and {Burlacu}, A. and {Busonero}, D. and
         {Butkevich}, A.~G. and {Buzzi}, R. and {Caffau}, E. and
         {Cancelliere}, R. and {Cannizzaro}, G. and {Cantat-Gaudin}, T. and
         {Carballo}, R. and {Carlucci}, T. and {Carrasco}, J.~M. and
         {Casamiquela}, L. and {Castellani}, M. and {Castro-Ginard}, A. and
         {Charlot}, P. and {Chemin}, L. and {Chiavassa}, A. and {Cocozza}, G. and
         {Costigan}, G. and {Cowell}, S. and {Crifo}, F. and {Crosta}, M. and
         {Crowley}, C. and {Cuypers}, J. and {Dafonte}, C. and {Damerdji}, Y. and
         {Dapergolas}, A. and {David}, P. and {David}, M. and {de Laverny}, P. and
         {De Luise}, F. and {De March}, R. and {de Martino}, D. and
         {de Souza}, R. and {de Torres}, A. and {Debosscher}, J. and
         {del Pozo}, E. and {Delbo}, M. and {Delgado}, A. and {Delgado}, H.~E. and
         {Di Matteo}, P. and {Diakite}, S. and {Diener}, C. and {Distefano}, E. and
         {Dolding}, C. and {Drazinos}, P. and {Dur{\'a}n}, J. and
         {Edvardsson}, B. and {Enke}, H. and {Eriksson}, K. and {Esquej}, P. and
         {Eynard Bontemps}, G. and {Fabre}, C. and {Fabrizio}, M. and
         {Faigler}, S. and {Falc{\~a}o}, A.~J. and {Farr{\`a}s Casas}, M. and
         {Federici}, L. and {Fedorets}, G. and {Fernique}, P. and
         {Figueras}, F. and {Filippi}, F. and {Findeisen}, K. and {Fonti}, A. and
         {Fraile}, E. and {Fraser}, M. and {Fr{\'e}zouls}, B. and {Gai}, M. and
         {Galleti}, S. and {Garabato}, D. and {Garc{\'\i}a-Sedano}, F. and
         {Garofalo}, A. and {Garralda}, N. and {Gavel}, A. and {Gavras}, P. and
         {Gerssen}, J. and {Geyer}, R. and {Giacobbe}, P. and {Gilmore}, G. and
         {Girona}, S. and {Giuffrida}, G. and {Glass}, F. and {Gomes}, M. and
         {Granvik}, M. and {Gueguen}, A. and {Guerrier}, A. and {Guiraud}, J. and
         {Guti{\'e}rrez-S{\'a}nchez}, R. and {Haigron}, R. and
         {Hatzidimitriou}, D. and {Hauser}, M. and {Haywood}, M. and
         {Heiter}, U. and {Helmi}, A. and {Heu}, J. and {Hilger}, T. and
         {Hobbs}, D. and {Hofmann}, W. and {Holland}, G. and {Huckle}, H.~E. and
         {Hypki}, A. and {Icardi}, V. and {Jan{\ss}en}, K. and
         {Jevardat de Fombelle}, G. and {Jonker}, P.~G. and
         {Juh{\'a}sz}, {\'A}. L. and {Julbe}, F. and {Karampelas}, A. and
         {Kewley}, A. and {Klar}, J. and {Kochoska}, A. and {Kohley}, R. and
         {Kolenberg}, K. and {Kontizas}, M. and {Kontizas}, E. and
         {Koposov}, S.~E. and {Kordopatis}, G. and {Kostrzewa-Rutkowska}, Z. and
         {Koubsky}, P. and {Lambert}, S. and {Lanza}, A.~F. and {Lasne}, Y. and
         {Lavigne}, J. -B. and {Le Fustec}, Y. and {Le Poncin-Lafitte}, C. and
         {Lebreton}, Y. and {Leccia}, S. and {Leclerc}, N. and
         {Lecoeur-Taibi}, I. and {Lenhardt}, H. and {Leroux}, F. and {Liao}, S. and
         {Licata}, E. and {Lindstr{\o}m}, H.~E.~P. and {Lister}, T.~A. and
         {Livanou}, E. and {Lobel}, A. and {L{\'o}pez}, M. and {Managau}, S. and
         {Mann}, R.~G. and {Mantelet}, G. and {Marchal}, O. and
         {Marchant}, J.~M. and {Marconi}, M. and {Marinoni}, S. and
         {Marschalk{\'o}}, G. and {Marshall}, D.~J. and {Martino}, M. and
         {Marton}, G. and {Mary}, N. and {Massari}, D. and
         {Matijevi{\v{c}}}, G. and {Mazeh}, T. and {McMillan}, P.~J. and
         {Messina}, S. and {Michalik}, D. and {Millar}, N.~R. and {Molina}, D. and
         {Molinaro}, R. and {Moln{\'a}r}, L. and {Montegriffo}, P. and
         {Mor}, R. and {Morbidelli}, R. and {Morel}, T. and {Morris}, D. and
         {Mulone}, A.~F. and {Muraveva}, T. and {Musella}, I. and
         {Nelemans}, G. and {Nicastro}, L. and {Noval}, L. and {O'Mullane}, W. and
         {Ord{\'e}novic}, C. and {Ord{\'o}{\~n}ez-Blanco}, D. and {Osborne}, P. and
         {Pagani}, C. and {Pagano}, I. and {Pailler}, F. and {Palacin}, H. and
         {Palaversa}, L. and {Panahi}, A. and {Pawlak}, M. and
         {Piersimoni}, A.~M. and {Pineau}, F. -X. and {Plachy}, E. and
         {Plum}, G. and {Poggio}, E. and {Poujoulet}, E. and {Pr{\v{s}}a}, A. and
         {Pulone}, L. and {Racero}, E. and {Ragaini}, S. and {Rambaux}, N. and
         {Ramos-Lerate}, M. and {Regibo}, S. and {Reyl{\'e}}, C. and
         {Riclet}, F. and {Ripepi}, V. and {Riva}, A. and {Rivard}, A. and
         {Rixon}, G. and {Roegiers}, T. and {Roelens}, M. and
         {Romero-G{\'o}mez}, M. and {Rowell}, N. and {Royer}, F. and
         {Ruiz-Dern}, L. and {Sadowski}, G. and {Sagrist{\`a} Sell{\'e}s}, T. and
         {Sahlmann}, J. and {Salgado}, J. and {Salguero}, E. and {Sanna}, N. and
         {Santana-Ros}, T. and {Sarasso}, M. and {Savietto}, H. and
         {Schultheis}, M. and {Sciacca}, E. and {Segol}, M. and
         {Segovia}, J.~C. and {S{\'e}gransan}, D. and {Shih}, I. -C. and
         {Siltala}, L. and {Silva}, A.~F. and {Smart}, R.~L. and {Smith}, K.~W. and
         {Solano}, E. and {Solitro}, F. and {Sordo}, R. and {Soria Nieto}, S. and
         {Souchay}, J. and {Spagna}, A. and {Spoto}, F. and {Stampa}, U. and
         {Steele}, I.~A. and {Steidelm{\"u}ller}, H. and {Stephenson}, C.~A. and
         {Stoev}, H. and {Suess}, F.~F. and {Surdej}, J. and {Szabados}, L. and
         {Szegedi-Elek}, E. and {Tapiador}, D. and {Taris}, F. and {Tauran}, G. and
         {Taylor}, M.~B. and {Teixeira}, R. and {Terrett}, D. and {Teyssand
        ier}, P. and {Thuillot}, W. and {Titarenko}, A. and {Torra Clotet}, F. and
         {Turon}, C. and {Ulla}, A. and {Utrilla}, E. and {Uzzi}, S. and
         {Vaillant}, M. and {Valentini}, G. and {Valette}, V. and
         {van Elteren}, A. and {Van Hemelryck}, E. and {van Leeuwen}, M. and
         {Vaschetto}, M. and {Vecchiato}, A. and {Veljanoski}, J. and
         {Viala}, Y. and {Vicente}, D. and {Vogt}, S. and {von Essen}, C. and
         {Voss}, H. and {Votruba}, V. and {Voutsinas}, S. and {Walmsley}, G. and
         {Weiler}, M. and {Wertz}, O. and {Wevers}, T. and {Wyrzykowski}, {\L}. and
         {Yoldas}, A. and {{\v{Z}}erjal}, M. and {Ziaeepour}, H. and
         {Zorec}, J. and {Zschocke}, S. and {Zucker}, S. and {Zurbach}, C. and
         {Zwitter}, T.},
        title = "{Gaia Data Release 2. Summary of the contents and survey properties}",
      journal = {\aap},
     keywords = {catalogs, astrometry, techniques: radial velocities, stars: fundamental parameters, stars: variables: general, minor planets, asteroids: general, Astrophysics - Astrophysics of Galaxies, Astrophysics - Instrumentation and Methods for Astrophysics},
         year = "2018",
        month = "Aug",
       volume = {616},
          eid = {A1},
        pages = {A1},
          doi = {10.1051/0004-6361/201833051},
archivePrefix = {arXiv},
       eprint = {1804.09365},
 primaryClass = {astro-ph.GA},
       adsurl = {https://ui.adsabs.harvard.edu/abs/2018A&A...616A...1G},
      adsnote = {Provided by the SAO/NASA Astrophysics Data System}
}

% G
@ARTICLE{Grogin2011,
       author = {{Grogin}, Norman A. and {Kocevski}, Dale D. and {Faber}, S.~M. and
         {Ferguson}, Henry C. and {Koekemoer}, Anton M. and {Riess}, Adam G. and
         {Acquaviva}, Viviana and {Alexander}, David M. and {Almaini}, Omar and
         {Ashby}, Matthew L.~N. and {Barden}, Marco and {Bell}, Eric F. and
         {Bournaud}, Fr{\'e}d{\'e}ric and {Brown}, Thomas M. and
         {Caputi}, Karina I. and {Casertano}, Stefano and {Cassata}, Paolo and
         {Castellano}, Marco and {Challis}, Peter and {Chary}, Ranga-Ram and
         {Cheung}, Edmond and {Cirasuolo}, Michele and
         {Conselice}, Christopher J. and {Roshan Cooray}, Asantha and
         {Croton}, Darren J. and {Daddi}, Emanuele and {Dahlen}, Tomas and
         {Dav{\'e}}, Romeel and {de Mello}, Du{\'\i}lia F. and {Dekel}, Avishai and
         {Dickinson}, Mark and {Dolch}, Timothy and {Donley}, Jennifer L. and
         {Dunlop}, James S. and {Dutton}, Aaron A. and {Elbaz}, David and
         {Fazio}, Giovanni G. and {Filippenko}, Alexei V. and
         {Finkelstein}, Steven L. and {Fontana}, Adriano and
         {Gardner}, Jonathan P. and {Garnavich}, Peter M. and {Gawiser}, Eric and
         {Giavalisco}, Mauro and {Grazian}, Andrea and {Guo}, Yicheng and
         {Hathi}, Nimish P. and {H{\"a}ussler}, Boris and {Hopkins}, Philip F. and
         {Huang}, Jia-Sheng and {Huang}, Kuang-Han and {Jha}, Saurabh W. and
         {Kartaltepe}, Jeyhan S. and {Kirshner}, Robert P. and {Koo}, David C. and
         {Lai}, Kamson and {Lee}, Kyoung-Soo and {Li}, Weidong and
         {Lotz}, Jennifer M. and {Lucas}, Ray A. and {Madau}, Piero and
         {McCarthy}, Patrick J. and {McGrath}, Elizabeth J. and
         {McIntosh}, Daniel H. and {McLure}, Ross J. and {Mobasher}, Bahram and
         {Moustakas}, Leonidas A. and {Mozena}, Mark and {Nandra}, Kirpal and
         {Newman}, Jeffrey A. and {Niemi}, Sami-Matias and {Noeske}, Kai G. and
         {Papovich}, Casey J. and {Pentericci}, Laura and {Pope}, Alexandra and
         {Primack}, Joel R. and {Rajan}, Abhijith and {Ravindranath}, Swara and
         {Reddy}, Naveen A. and {Renzini}, Alvio and {Rix}, Hans-Walter and
         {Robaina}, Aday R. and {Rodney}, Steven A. and {Rosario}, David J. and
         {Rosati}, Piero and {Salimbeni}, Sara and {Scarlata}, Claudia and
         {Siana}, Brian and {Simard}, Luc and {Smidt}, Joseph and
         {Somerville}, Rachel S. and {Spinrad}, Hyron and {Straughn}, Amber N. and
         {Strolger}, Louis-Gregory and {Telford}, Olivia and
         {Teplitz}, Harry I. and {Trump}, Jonathan R. and {van der Wel}, Arjen and
         {Villforth}, Carolin and {Wechsler}, Risa H. and {Weiner}, Benjamin J. and
         {Wiklind}, Tommy and {Wild}, Vivienne and {Wilson}, Grant and
         {Wuyts}, Stijn and {Yan}, Hao-Jing and {Yun}, Min S.},
        title = "{CANDELS: The Cosmic Assembly Near-infrared Deep Extragalactic Legacy Survey}",
      journal = {\apjs},
     keywords = {cosmology: observations, galaxies: high-redshift, Astrophysics - Cosmology and Nongalactic Astrophysics},
         year = "2011",
        month = "Dec",
       volume = {197},
       number = {2},
          eid = {35},
        pages = {35},
          doi = {10.1088/0067-0049/197/2/35},
archivePrefix = {arXiv},
       eprint = {1105.3753},
 primaryClass = {astro-ph.CO},
       adsurl = {https://ui.adsabs.harvard.edu/abs/2011ApJS..197...35G},
      adsnote = {Provided by the SAO/NASA Astrophysics Data System}
}

% H

% I

% J

% K
@ARTICLE{Koekemoer2011,
       author = {{Koekemoer}, Anton M. and {Faber}, S.~M. and {Ferguson}, Henry C. and
         {Grogin}, Norman A. and {Kocevski}, Dale D. and {Koo}, David C. and
         {Lai}, Kamson and {Lotz}, Jennifer M. and {Lucas}, Ray A. and
         {McGrath}, Elizabeth J. and {Ogaz}, Sara and {Rajan}, Abhijith and
         {Riess}, Adam G. and {Rodney}, Steve A. and {Strolger}, Louis and
         {Casertano}, Stefano and {Castellano}, Marco and {Dahlen}, Tomas and
         {Dickinson}, Mark and {Dolch}, Timothy and {Fontana}, Adriano and
         {Giavalisco}, Mauro and {Grazian}, Andrea and {Guo}, Yicheng and
         {Hathi}, Nimish P. and {Huang}, Kuang-Han and {van der Wel}, Arjen and
         {Yan}, Hao-Jing and {Acquaviva}, Viviana and {Alexander}, David M. and
         {Almaini}, Omar and {Ashby}, Matthew L.~N. and {Barden}, Marco and
         {Bell}, Eric F. and {Bournaud}, Fr{\'e}d{\'e}ric and
         {Brown}, Thomas M. and {Caputi}, Karina I. and {Cassata}, Paolo and
         {Challis}, Peter J. and {Chary}, Ranga-Ram and {Cheung}, Edmond and
         {Cirasuolo}, Michele and {Conselice}, Christopher J. and
         {Roshan Cooray}, Asantha and {Croton}, Darren J. and {Daddi}, Emanuele and
         {Dav{\'e}}, Romeel and {de Mello}, Duilia F. and {de Ravel}, Loic and
         {Dekel}, Avishai and {Donley}, Jennifer L. and {Dunlop}, James S. and
         {Dutton}, Aaron A. and {Elbaz}, David and {Fazio}, Giovanni G. and
         {Filippenko}, Alexei V. and {Finkelstein}, Steven L. and
         {Frazer}, Chris and {Gardner}, Jonathan P. and {Garnavich}, Peter M. and
         {Gawiser}, Eric and {Gruetzbauch}, Ruth and {Hartley}, Will G. and
         {H{\"a}ussler}, Boris and {Herrington}, Jessica and
         {Hopkins}, Philip F. and {Huang}, Jia-Sheng and {Jha}, Saurabh W. and
         {Johnson}, Andrew and {Kartaltepe}, Jeyhan S. and {Khostovan}, Ali A. and
         {Kirshner}, Robert P. and {Lani}, Caterina and {Lee}, Kyoung-Soo and
         {Li}, Weidong and {Madau}, Piero and {McCarthy}, Patrick J. and
         {McIntosh}, Daniel H. and {McLure}, Ross J. and {McPartland}, Conor and
         {Mobasher}, Bahram and {Moreira}, Heidi and {Mortlock}, Alice and
         {Moustakas}, Leonidas A. and {Mozena}, Mark and {Nandra}, Kirpal and
         {Newman}, Jeffrey A. and {Nielsen}, Jennifer L. and {Niemi}, Sami and
         {Noeske}, Kai G. and {Papovich}, Casey J. and {Pentericci}, Laura and
         {Pope}, Alexandra and {Primack}, Joel R. and {Ravindranath}, Swara and
         {Reddy}, Naveen A. and {Renzini}, Alvio and {Rix}, Hans-Walter and
         {Robaina}, Aday R. and {Rosario}, David J. and {Rosati}, Piero and
         {Salimbeni}, Sara and {Scarlata}, Claudia and {Siana}, Brian and
         {Simard}, Luc and {Smidt}, Joseph and {Snyder}, Diana and
         {Somerville}, Rachel S. and {Spinrad}, Hyron and {Straughn}, Amber N. and
         {Telford}, Olivia and {Teplitz}, Harry I. and {Trump}, Jonathan R. and
         {Vargas}, Carlos and {Villforth}, Carolin and {Wagner}, Cory R. and {Wand
        ro}, Pat and {Wechsler}, Risa H. and {Weiner}, Benjamin J. and
         {Wiklind}, Tommy and {Wild}, Vivienne and {Wilson}, Grant and
         {Wuyts}, Stijn and {Yun}, Min S.},
        title = "{CANDELS: The Cosmic Assembly Near-infrared Deep Extragalactic Legacy Survey{\textemdash}The Hubble Space Telescope Observations, Imaging Data Products, and Mosaics}",
      journal = {\apjs},
     keywords = {cosmology: observations, galaxies: high-redshift, Astrophysics - Cosmology and Nongalactic Astrophysics},
         year = "2011",
        month = "Dec",
       volume = {197},
       number = {2},
          eid = {36},
        pages = {36},
          doi = {10.1088/0067-0049/197/2/36},
archivePrefix = {arXiv},
       eprint = {1105.3754},
 primaryClass = {astro-ph.CO},
       adsurl = {https://ui.adsabs.harvard.edu/abs/2011ApJS..197...36K},
      adsnote = {Provided by the SAO/NASA Astrophysics Data System}
}
% L
@ARTICLE{Leja2017,
   author = {{Leja}, J. and {Johnson}, B.~D. and {Conroy}, C. and {van Dokkum}, P.~G. and 
	{Byler}, N.},
    title = "{Deriving Physical Properties from Broadband Photometry with Prospector: Description of the Model and a Demonstration of its Accuracy Using 129 Galaxies in the Local Universe}",
  journal = {\apj},
archivePrefix = "arXiv",
   eprint = {1609.09073},
 keywords = {galaxies: evolution, galaxies: fundamental parameters, galaxies: star formation},
     year = 2017,
    month = mar,
   volume = 837,
      eid = {170},
    pages = {170},
      doi = {10.3847/1538-4357/aa5ffe},
   adsurl = {http://adsabs.harvard.edu/abs/2017ApJ...837..170L},
  adsnote = {Provided by the SAO/NASA Astrophysics Data System}
}

@ARTICLE{Leja2019,
   author = {{Leja}, J. and {Carnall}, A.~C. and {Johnson}, B.~D. and {Conroy}, C. and 
	{Speagle}, J.~S.},
    title = "{How to measure galaxy star formation histories II: Nonparametric models}",
  journal = {arXiv e-prints},
archivePrefix = "arXiv",
   eprint = {1811.03637},
 keywords = {Astrophysics - Astrophysics of Galaxies},
     year = 2018,
    month = nov,
   adsurl = {http://adsabs.harvard.edu/abs/2018arXiv181103637L},
  adsnote = {Provided by the SAO/NASA Astrophysics Data System}
}

% M
@ARTICLE{Momcheva16,
       author = {{Momcheva}, Ivelina G. and {Brammer}, Gabriel B. and
         {van Dokkum}, Pieter G. and {Skelton}, Rosalind E. and
         {Whitaker}, Katherine E. and {Nelson}, Erica J. and
         {Fumagalli}, Mattia and {Maseda}, Michael V. and {Leja}, Joel and
         {Franx}, Marijn and {Rix}, Hans-Walter and {Bezanson}, Rachel and
         {Da Cunha}, Elisabete and {Dickey}, Claire and
         {F{\"o}rster Schreiber}, Natascha M. and {Illingworth}, Garth and
         {Kriek}, Mariska and {Labb{\'e}}, Ivo and {Ulf Lange}, Johannes and
         {Lundgren}, Britt F. and {Magee}, Daniel and {Marchesini}, Danilo and
         {Oesch}, Pascal and {Pacifici}, Camilla and {Patel}, Shannon G. and
         {Price}, Sedona and {Tal}, Tomer and {Wake}, David A. and
         {van der Wel}, Arjen and {Wuyts}, Stijn},
        title = "{The 3D-HST Survey: Hubble Space Telescope WFC3/G141 Grism Spectra, Redshifts, and Emission Line Measurements for \raisebox{-0.5ex}\textasciitilde 100,000 Galaxies}",
      journal = {\apjs},
     keywords = {catalogs, galaxies: evolution, methods: data analysis, techniques: spectroscopic, Astrophysics - Astrophysics of Galaxies, Astrophysics - Cosmology and Nongalactic Astrophysics},
         year = "2016",
        month = "Aug",
       volume = {225},
       number = {2},
          eid = {27},
        pages = {27},
          doi = {10.3847/0067-0049/225/2/27},
archivePrefix = {arXiv},
       eprint = {1510.02106},
 primaryClass = {astro-ph.GA},
       adsurl = {https://ui.adsabs.harvard.edu/abs/2016ApJS..225...27M},
      adsnote = {Provided by the SAO/NASA Astrophysics Data System}
}

@ARTICLE{Muzzin2013a,
   author = {{Muzzin}, A. and {Marchesini}, D. and {Stefanon}, M. and {Franx}, M. and 
	{Milvang-Jensen}, B. and {Dunlop}, J.~S. and {Fynbo}, J.~P.~U. and 
	{Brammer}, G. and {Labb{\'e}}, I. and {van Dokkum}, P.},
    title = "{A Public K$_{s}$ -selected Catalog in the COSMOS/ULTRAVISTA Field: Photometry, Photometric Redshifts, and Stellar Population Parameters}",
  journal = {\apjs},
archivePrefix = "arXiv",
   eprint = {1303.4410},
 keywords = {galaxies: evolution, galaxies: fundamental parameters, galaxies: high-redshift, infrared: galaxies},
     year = 2013,
    month = may,
   volume = 206,
      eid = {8},
    pages = {8},
      doi = {10.1088/0067-0049/206/1/8},
   adsurl = {http://adsabs.harvard.edu/abs/2013ApJS..206....8M},
  adsnote = {Provided by the SAO/NASA Astrophysics Data System}
}

@ARTICLE{Muzzin2013b,
   author = {{Muzzin}, A. and {Marchesini}, D. and {Stefanon}, M. and {Franx}, M. and 
	{McCracken}, H.~J. and {Milvang-Jensen}, B. and {Dunlop}, J.~S. and 
	{Fynbo}, J.~P.~U. and {Brammer}, G. and {Labb{\'e}}, I. and 
	{van Dokkum}, P.~G.},
    title = "{The Evolution of the Stellar Mass Functions of Star-forming and Quiescent Galaxies to z = 4 from the COSMOS/UltraVISTA Survey}",
  journal = {\apj},
archivePrefix = "arXiv",
   eprint = {1303.4409},
 keywords = {galaxies: evolution, galaxies: fundamental parameters, galaxies: high-redshift, galaxies: luminosity function, mass function},
     year = 2013,
    month = nov,
   volume = 777,
      eid = {18},
    pages = {18},
      doi = {10.1088/0004-637X/777/1/18},
   adsurl = {http://adsabs.harvard.edu/abs/2013ApJ...777...18M},
  adsnote = {Provided by the SAO/NASA Astrophysics Data System}
}

% N
@ARTICLE{Newman2018a,
       author = {{Newman}, Andrew B. and {Belli}, Sirio and {Ellis}, Richard S. and
         {Patel}, Shannon G.},
        title = "{Resolving Quiescent Galaxies at z {\ensuremath{\gtrsim}} 2. I. Search for Gravitationally Lensed Sources and Characterization of Their Structure, Stellar Populations, and Line Emission}",
      journal = {\apj},
     keywords = {galaxies: elliptical and lenticular, cD, galaxies: evolution, gravitational lensing: strong, Astrophysics - Astrophysics of Galaxies},
         year = "2018",
        month = "Aug",
       volume = {862},
       number = {2},
          eid = {125},
        pages = {125},
          doi = {10.3847/1538-4357/aacd4d},
archivePrefix = {arXiv},
       eprint = {1806.06814},
 primaryClass = {astro-ph.GA},
       adsurl = {https://ui.adsabs.harvard.edu/abs/2018ApJ...862..125N},
      adsnote = {Provided by the SAO/NASA Astrophysics Data System}
}

@ARTICLE{Newman2018b,
       author = {{Newman}, Andrew B. and {Belli}, Sirio and {Ellis}, Richard S. and
         {Patel}, Shannon G.},
        title = "{Resolving Quiescent Galaxies at z {\ensuremath{\gtrsim}} 2. II. Direct Measures of Rotational Support}",
      journal = {\apj},
     keywords = {galaxies: elliptical and lenticular, cD, galaxies: evolution, galaxies: kinematics and dynamics, gravitational lensing: strong, Astrophysics - Astrophysics of Galaxies},
         year = "2018",
        month = "Aug",
       volume = {862},
       number = {2},
          eid = {126},
        pages = {126},
          doi = {10.3847/1538-4357/aacd4f},
archivePrefix = {arXiv},
       eprint = {1806.06815},
 primaryClass = {astro-ph.GA},
       adsurl = {https://ui.adsabs.harvard.edu/abs/2018ApJ...862..126N},
      adsnote = {Provided by the SAO/NASA Astrophysics Data System}
}



% O 

% P
@ARTICLE{PostmanCLASH2012,
   author = {{Postman}, M. and {Coe}, D. and {Ben{\'{\i}}tez}, N. and {Bradley}, L. and 
	{Broadhurst}, T. and {Donahue}, M. and {Ford}, H. and {Graur}, O. and 
	{Graves}, G. and {Jouvel}, S. and {Koekemoer}, A. and {Lemze}, D. and 
	{Medezinski}, E. and {Molino}, A. and {Moustakas}, L. and {Ogaz}, S. and 
	{Riess}, A. and {Rodney}, S. and {Rosati}, P. and {Umetsu}, K. and 
	{Zheng}, W. and {Zitrin}, A. and {Bartelmann}, M. and {Bouwens}, R. and 
	{Czakon}, N. and {Golwala}, S. and {Host}, O. and {Infante}, L. and 
	{Jha}, S. and {Jimenez-Teja}, Y. and {Kelson}, D. and {Lahav}, O. and 
	{Lazkoz}, R. and {Maoz}, D. and {McCully}, C. and {Melchior}, P. and 
	{Meneghetti}, M. and {Merten}, J. and {Moustakas}, J. and {Nonino}, M. and 
	{Patel}, B. and {Reg{\"o}s}, E. and {Sayers}, J. and {Seitz}, S. and 
	{Van der Wel}, A.},
    title = "{The Cluster Lensing and Supernova Survey with Hubble: An Overview}",
  journal = {\apjs},
archivePrefix = "arXiv",
   eprint = {1106.3328},
 keywords = {dark energy, dark matter, Galaxy: evolution, Galaxy: formation, gravitational lensing: strong, gravitational lensing: weak},
     year = 2012,
    month = apr,
   volume = 199,
      eid = {25},
    pages = {25},
      doi = {10.1088/0067-0049/199/2/25},
   adsurl = {http://esoads.eso.org/abs/2012ApJS..199...25P},
  adsnote = {Provided by the SAO/NASA Astrophysics Data System}
}

% Q 

% R 

% S
@ARTICLE{Schlafly2011,
   author = {{Schlafly}, E.~F. and {Finkbeiner}, D.~P.},
    title = "{Measuring Reddening with Sloan Digital Sky Survey Stellar Spectra and Recalibrating SFD}",
  journal = {\apj},
archivePrefix = "arXiv",
   eprint = {1012.4804},
 primaryClass = "astro-ph.GA",
 keywords = {dust, extinction, Galaxy: stellar content, ISM: clouds},
     year = 2011,
    month = aug,
   volume = 737,
      eid = {103},
    pages = {103},
      doi = {10.1088/0004-637X/737/2/103},
   adsurl = {http://adsabs.harvard.edu/abs/2011ApJ...737..103S},
  adsnote = {Provided by the SAO/NASA Astrophysics Data System}
}

@ARTICLE{Schmidt2014,
   author = {{Schmidt}, K.~B. and {Treu}, T. and {Brammer}, G.~B. and {Brada{\v c}}, M. and 
	{Wang}, X. and {Dijkstra}, M. and {Dressler}, A. and {Fontana}, A. and 
	{Gavazzi}, R. and {Henry}, A.~L. and {Hoag}, A. and {Jones}, T.~A. and 
	{Kelly}, P.~L. and {Malkan}, M.~A. and {Mason}, C. and {Pentericci}, L. and 
	{Poggianti}, B. and {Stiavelli}, M. and {Trenti}, M. and {von der Linden}, A. and 
	{Vulcani}, B.},
    title = "{Through the Looking GLASS: HST Spectroscopy of Faint Galaxies Lensed by the Frontier Fields Cluster MACSJ0717.5+3745}",
  journal = {\apjl},
archivePrefix = "arXiv",
   eprint = {1401.0532},
 keywords = {galaxies: clusters: individual: MACSJ0717.5+3745, galaxies: evolution, galaxies: high-redshift},
     year = 2014,
    month = feb,
   volume = 782,
      eid = {L36},
    pages = {L36},
      doi = {10.1088/2041-8205/782/2/L36},
   adsurl = {http://adsabs.harvard.edu/abs/2014ApJ...782L..36S},
  adsnote = {Provided by the SAO/NASA Astrophysics Data System}
}

@ARTICLE{Skelton2014,
       author = {{Skelton}, Rosalind E. and {Whitaker}, Katherine E. and
         {Momcheva}, Ivelina G. and {Brammer}, Gabriel B. and
         {van Dokkum}, Pieter G. and {Labb{\'e}}, Ivo and {Franx}, Marijn and
         {van der Wel}, Arjen and {Bezanson}, Rachel and {Da Cunha}, Elisabete and
         {Fumagalli}, Mattia and {F{\"o}rster Schreiber}, Natascha and
         {Kriek}, Mariska and {Leja}, Joel and {Lundgren}, Britt F. and
         {Magee}, Daniel and {Marchesini}, Danilo and {Maseda}, Michael V. and
         {Nelson}, Erica J. and {Oesch}, Pascal and {Pacifici}, Camilla and
         {Patel}, Shannon G. and {Price}, Sedona and {Rix}, Hans-Walter and
         {Tal}, Tomer and {Wake}, David A. and {Wuyts}, Stijn},
        title = "{3D-HST WFC3-selected Photometric Catalogs in the Five CANDELS/3D-HST Fields: Photometry, Photometric Redshifts, and Stellar Masses}",
      journal = {\apjs},
     keywords = {catalogs, galaxies: evolution, galaxies: general, methods: data analysis, techniques: photometric, Astrophysics - Astrophysics of Galaxies, Astrophysics - Cosmology and Nongalactic Astrophysics},
         year = "2014",
        month = "Oct",
       volume = {214},
       number = {2},
          eid = {24},
        pages = {24},
          doi = {10.1088/0067-0049/214/2/24},
archivePrefix = {arXiv},
       eprint = {1403.3689},
 primaryClass = {astro-ph.GA},
       adsurl = {https://ui.adsabs.harvard.edu/abs/2014ApJS..214...24S},
      adsnote = {Provided by the SAO/NASA Astrophysics Data System}
}

% T
@ARTICLE{Treu2015,
   author = {{Treu}, T. and {Schmidt}, K.~B. and {Brammer}, G.~B. and {Vulcani}, B. and 
	{Wang}, X. and {Brada{\v c}}, M. and {Dijkstra}, M. and {Dressler}, A. and 
	{Fontana}, A. and {Gavazzi}, R. and {Henry}, A.~L. and {Hoag}, A. and 
	{Huang}, K.-H. and {Jones}, T.~A. and {Kelly}, P.~L. and {Malkan}, M.~A. and 
	{Mason}, C. and {Pentericci}, L. and {Poggianti}, B. and {Stiavelli}, M. and 
	{Trenti}, M. and {von der Linden}, A.},
    title = "{The Grism Lens-Amplified Survey from Space (GLASS). I. Survey Overview and First Data Release}",
  journal = {\apj},
archivePrefix = "arXiv",
   eprint = {1509.00475},
 keywords = {gravitational lensing: strong},
     year = 2015,
    month = oct,
   volume = 812,
      eid = {114},
    pages = {114},
      doi = {10.1088/0004-637X/812/2/114},
   adsurl = {http://adsabs.harvard.edu/abs/2015ApJ...812..114T},
  adsnote = {Provided by the SAO/NASA Astrophysics Data System}
}